<record><leader>00000cas a2200000 a 4500</leader><controlfield tag="001">13663966</controlfield><controlfield tag="008">860530d19171942okudr ne      0    0eng d</controlfield><datafield ind1=" " ind2=" " tag="010"><subfield code="a">sn 86064108 </subfield></datafield><datafield ind1=" " ind2=" " tag="040"><subfield code="a">KSH</subfield><subfield code="b">eng</subfield><subfield code="c">KSH</subfield><subfield code="d">NPT</subfield><subfield code="d">OBN</subfield><subfield code="d">OCL</subfield><subfield code="d">OCLCQ</subfield><subfield code="d">OCLCF</subfield><subfield code="d">OCLCO</subfield></datafield><datafield ind1="1" ind2=" " tag="029"><subfield code="a">AU@</subfield><subfield code="b">000022169650</subfield></datafield><datafield ind1=" " ind2=" " tag="042"><subfield code="a">msc</subfield></datafield><datafield ind1=" " ind2=" " tag="043"><subfield code="a">n-us-ok</subfield></datafield><datafield ind1="0" ind2="4" tag="245"><subfield code="a">The Newkirk daily reporter.</subfield></datafield><datafield ind1=" " ind2=" " tag="260"><subfield code="a">Newkirk, Okla. :</subfield><subfield code="b">Hamlin Bros.</subfield></datafield><datafield ind1=" " ind2=" " tag="300"><subfield code="a">v.</subfield></datafield><datafield ind1=" " ind2=" " tag="310"><subfield code="a">Daily (except Thursday and Sunday)</subfield></datafield><datafield ind1="0" ind2=" " tag="362"><subfield code="a">-v. 26, no. 233 (Oct. 31, 1942).</subfield></datafield><datafield ind1="1" ind2=" " tag="362"><subfield code="a">Began in 1917.</subfield></datafield><datafield ind1=" " ind2=" " tag="588"><subfield code="a">Description based on: Vol. 3, no. 251 (Dec. 24, 1919).</subfield></datafield><datafield ind1=" " ind2="0" tag="651"><subfield code="a">Newkirk (Okla.)</subfield><subfield code="v">Newspapers.</subfield></datafield><datafield ind1=" " ind2="0" tag="651"><subfield code="a">Kay County (Okla.)</subfield><subfield code="v">Newspapers.</subfield></datafield><datafield ind1=" " ind2="7" tag="655"><subfield code="a">Newspapers.</subfield><subfield code="2">fast</subfield><subfield code="0">(OCoLC)fst01423814</subfield></datafield><datafield ind1=" " ind2="7" tag="651"><subfield code="a">Oklahoma</subfield><subfield code="z">Kay County.</subfield><subfield code="2">fast</subfield><subfield code="0">(OCoLC)fst01206445</subfield></datafield><datafield ind1=" " ind2="7" tag="651"><subfield code="a">Oklahoma</subfield><subfield code="z">Newkirk.</subfield><subfield code="2">fast</subfield><subfield code="0">(OCoLC)fst01226755</subfield></datafield><datafield ind1=" " ind2=" " tag="752"><subfield code="a">United States</subfield><subfield code="b">Oklahoma</subfield><subfield code="c">Kay</subfield><subfield code="d">Newkirk.</subfield></datafield><datafield ind1="0" ind2=" " tag="775"><subfield code="t">Democrat-herald (Newkirk, Okla.)</subfield><subfield code="w">(DLC)sn 97064865</subfield><subfield code="w">(OCoLC)36886965</subfield></datafield><datafield ind1="0" ind2=" " tag="775"><subfield code="t">Newkirk herald journal</subfield><subfield code="w">(DLC)sn 97064868</subfield><subfield code="w">(OCoLC)36887246</subfield></datafield></record>